
%%%%%%%%%%%%%%     ARTICLES     %%%%%%%%%%%%%%%

@article{article:underwater_image_processing,
    author    = "Raimondo Schettini and Silvia Corchs",
    title     = "Underwater Image Processing: State of the Art of Restoration and Image Enhancement Methods",
    %journal   = "",
    %volume   = "",
    %number   = "",
    %pages    = "",
    year      = "2010",
    %month    = "",
    %note     = "",
}


@article{article,
    author    = "",
    title     = "",
    journal   = "",
    %volume   = "",
    %number   = "",
    %pages    = "",
    year      = "",
    %month    = "",
    %note     = "",
}

%%%%%%%%%%%%%%     BOOKS     %%%%%%%%%%%%%%%

@book{book:digital_image_processing,
    author    = "Rafael C. Gonzalez and Richard E. Woods",
    title     = "Digital Image Processing",
    publisher = "Pearson Education, Inc.",
    %volume   = "",
    %number   = "",
    %series   = "",
    %address  = "",
    edition  = "Third edition",
    year      = "2008",
    %month    = "",
    %note     = "",
}


@book{book:machine_vision,
    author    = "Ramesh Jain, Rangachar Kasturi, Brian G. Schunck",
    title     = "Machine Vision",
    publisher = "McGraw-Hill, Inc.",
    %volume   = "",
    %number   = "",
    %series   = "",
    %address  = "",
    %edition  = "",
    year      = "1995",
    %month    = "",
    %note     = "",
}


@book{book,
    author    = "",
    title     = "",
    publisher = "",
    %volume   = "",
    %number   = "",
    %series   = "",
    %address  = "",
    %edition  = "",
    year      = "",
    %month    = "",
    %note     = "",
}


%%%%%%%%%%%%%%     WEBSITES     %%%%%%%%%%%%%%%

@misc{website:raytrix_r42,
      author = "Raytrix",
      title = "R42 series",
      month = "",
      year = "",
      howpublished = {\url{https://www.raytrix.de/produkte/#r42series}},
}


@misc{website:raytrix_main,
      author = "Raytrix",
      title = "3D light field camera technology",
      month = "",
      year = "",
      howpublished = {\url{https://www.raytrix.de/}},
}


@misc{website:raytrix_technology,
      author = "Raytrix",
      title = "3D light field technology",
      month = "",
      year = "",
      howpublished = {\url{https://www.raytrix.de/technologie/}},
}


@misc{website:opencv_wiki,
      author = "Wikipedia",
      title = "OpenCV",
      month = "",
      year = "",
      howpublished = {\url{https://en.wikipedia.org/wiki/OpenCV}},
}


@misc{website:mathworks_dilation_erosion,
      author = "MathWorks",
      title = "Morphological Dilation and Erosion",
      month = "",
      year = "",
      howpublished = {\url{https://se.mathworks.com/help/images/morphological-dilation-and-erosion.html}},
}


@misc{website:,
      author = "",
      title = "",
      month = "",
      year = "",
      howpublished = {\url{}},
}